<?xml version = "1.0" encoding = "UTF-8"?><record>
  <leader>01367nam#a2200325#cc4500</leader>
  <controlfield tag="005">20210409074022.0</controlfield>
  <controlfield tag="007">tu</controlfield>
  <controlfield tag="008">130131|2013####gw############|||#|#ger#c</controlfield>
  <controlfield tag="003">DE-605</controlfield>
  <controlfield tag="001">990194433210206441</controlfield>
  <datafield tag="016" ind1="7" ind2=" ">
    <subfield code="a">1073564888</subfield>
    <subfield code="2">OCoLC</subfield>
  </datafield>
  <datafield tag="020" ind1=" " ind2=" ">
    <subfield code="a">9783451273889</subfield>
    <subfield code="9">978-3-451-27388-9</subfield>
    <subfield code="0">(uri) http://www.isbnsearch.org/isbn/9783451273889</subfield>
  </datafield>
  <datafield tag="035" ind1=" " ind2=" ">
    <subfield code="a">(DE-605)HT017529028</subfield>
  </datafield>
  <datafield tag="040" ind1=" " ind2=" ">
    <subfield code="a">Kn 28</subfield>
    <subfield code="b">ger</subfield>
    <subfield code="c">Kn 28</subfield>
    <subfield code="d">1032</subfield>
    <subfield code="e">rakwb</subfield>
  </datafield>
  <datafield tag="041" ind1=" " ind2=" ">
    <subfield code="a">ger</subfield>
  </datafield>
  <datafield tag="044" ind1=" " ind2=" ">
    <subfield code="c">XA-DE</subfield>
  </datafield>
  <datafield tag="100" ind1="1" ind2=" ">
    <subfield code="a">Stein, Edith</subfield>
    <subfield code="c">Heilige</subfield>
    <subfield code="d">1891-1942</subfield>
    <subfield code="0">(DE-588)118617230</subfield>
    <subfield code="4">aut</subfield>
    <subfield code="9">O:H</subfield>
    <subfield code="0">(uri) https://portal.dnb.de/opac.htm?method=simpleSearch&amp;cqlMode=true&amp;query=idn=118617230</subfield>
    <subfield code="0">(uri) http://viaf.org/viaf/sourceID/DNB|118617230</subfield>
    <subfield code="B">GND-118617230</subfield>
  </datafield>
  <datafield tag="245" ind1="1" ind2="0">
    <subfield code="a">Edith-Stein-Gesamtausgabe</subfield>
    <subfield code="n">18, D. Schriften zu Mystik und Spiritualit&#228;t, Abt. 1, Ph&#228;nomenologie und Mystik, 2</subfield>
    <subfield code="p">Kreuzeswissenschaft : Studie &#252;ber Johannes vom Kreuz / neu bearb. und eingeleitet von Ulrich Dobhan</subfield>
    <subfield code="c">hrsg. im Auftr. des Internationalen Edith-Stein-Instituts W&#252;rzburg von Michael Linssen unter wiss. Mitarb. von Hanna-Barbara Gerl-Falkovitz</subfield>
  </datafield>
  <datafield tag="250" ind1=" " ind2=" ">
    <subfield code="a">4., durchges. und korr. Aufl.</subfield>
  </datafield>
  <datafield tag="264" ind1=" " ind2="1">
    <subfield code="a">Freiburg i. Br. [u.a.]</subfield>
    <subfield code="b">Herder</subfield>
    <subfield code="c">2013</subfield>
  </datafield>
  <datafield tag="300" ind1=" " ind2=" ">
    <subfield code="a">XXXVII, 265 S.</subfield>
  </datafield>
  <datafield tag="689" ind1="0" ind2="0">
    <subfield code="a">Juan</subfield>
    <subfield code="c">de la Cruz</subfield>
    <subfield code="d">1542-1591</subfield>
    <subfield code="D">p</subfield>
    <subfield code="0">(DE-588)118640038</subfield>
    <subfield code="0">(uri) https://portal.dnb.de/opac.htm?method=simpleSearch&amp;cqlMode=true&amp;query=idn=118640038</subfield>
    <subfield code="0">(uri) http://viaf.org/viaf/sourceID/DNB|118640038</subfield>
    <subfield code="B">GND-118640038</subfield>
  </datafield>
  <datafield tag="700" ind1="1" ind2=" ">
    <subfield code="a">Linssen, Michael</subfield>
    <subfield code="4">edt</subfield>
    <subfield code="9">O:H</subfield>
  </datafield>
  <datafield tag="700" ind1="1" ind2=" ">
    <subfield code="a">Neyer, Amata</subfield>
    <subfield code="d">1922-2019</subfield>
    <subfield code="0">(DE-588)120534983</subfield>
    <subfield code="4">oth</subfield>
    <subfield code="e">Bearb.</subfield>
    <subfield code="9">O:H</subfield>
    <subfield code="0">(uri) https://portal.dnb.de/opac.htm?method=simpleSearch&amp;cqlMode=true&amp;query=idn=120534983</subfield>
    <subfield code="0">(uri) http://viaf.org/viaf/sourceID/DNB|120534983</subfield>
    <subfield code="B">GND-120534983</subfield>
  </datafield>
  <datafield tag="773" ind1="0" ind2="8">
    <subfield code="w">(DE-605)HT012848847</subfield>
    <subfield code="q">18</subfield>
  </datafield>
  <datafield tag="960" ind1="1" ind2=" ">
    <subfield code="n">NWBib-6</subfield>
  </datafield>
  <datafield tag="964" ind1="0" ind2="s">
    <subfield code="F">030</subfield>
    <subfield code="A">a|1uc||||||||</subfield>
  </datafield>
  <datafield tag="964" ind1="0" ind2="s">
    <subfield code="F">050</subfield>
    <subfield code="A">a|||||||||||||</subfield>
  </datafield>
  <datafield tag="035" ind1=" " ind2=" ">
    <subfield code="a">(OCoLC)1073564888</subfield>
    <subfield code="0">(uri) http://www.worldcat.org/oclc/1073564888</subfield>
  </datafield>
  <datafield tag="035" ind1=" " ind2=" ">
    <subfield code="a">(DE-599)HBZHT017529028</subfield>
  </datafield>
  <datafield tag="MBD" ind1=" " ind2=" ">
    <subfield code="M">49HBZ_NETWORK</subfield>
    <subfield code="i">990194433210206441</subfield>
    <subfield code="n">HBZ Network</subfield>
  </datafield>
  <datafield tag="MNG" ind1=" " ind2=" ">
    <subfield code="c">System</subfield>
    <subfield code="f">ILS</subfield>
    <subfield code="i">marc21</subfield>
    <subfield code="k">01</subfield>
    <subfield code="e">false</subfield>
    <subfield code="d">2021-04-09 07:40:22 Europe/Berlin</subfield>
    <subfield code="g">019443321-HBZ01</subfield>
    <subfield code="j">60</subfield>
    <subfield code="a">import</subfield>
    <subfield code="b">2021-04-05 16:06:01 Europe/Berlin</subfield>
  </datafield>
  <datafield tag="GPN" ind1="1" ind2=" ">
    <subfield code="a">Neyer, Maria Amata</subfield>
    <subfield code="d">1922-2019</subfield>
    <subfield code="A">GND</subfield>
    <subfield code="B">GND-120534983</subfield>
    <subfield code="C">400</subfield>
  </datafield>
  <datafield tag="GPN" ind1="1" ind2=" ">
    <subfield code="a">Neyer, M. Amata</subfield>
    <subfield code="d">1922-2019</subfield>
    <subfield code="A">GND</subfield>
    <subfield code="B">GND-120534983</subfield>
    <subfield code="C">400</subfield>
  </datafield>
  <datafield tag="GPN" ind1="1" ind2=" ">
    <subfield code="a">Neyerova&#769;, Maria Amata</subfield>
    <subfield code="d">1922-2019</subfield>
    <subfield code="A">GND</subfield>
    <subfield code="B">GND-120534983</subfield>
    <subfield code="C">400</subfield>
  </datafield>
  <datafield tag="GPN" ind1="1" ind2=" ">
    <subfield code="a">Neyerova&#769;, Amata</subfield>
    <subfield code="d">1922-2019</subfield>
    <subfield code="A">GND</subfield>
    <subfield code="B">GND-120534983</subfield>
    <subfield code="C">400</subfield>
  </datafield>
  <datafield tag="GPN" ind1="1" ind2=" ">
    <subfield code="a">Neyerova&#769;, Maria A.</subfield>
    <subfield code="d">1922-2019</subfield>
    <subfield code="A">GND</subfield>
    <subfield code="B">GND-120534983</subfield>
    <subfield code="C">400</subfield>
  </datafield>
  <datafield tag="GPN" ind1="1" ind2=" ">
    <subfield code="a">Neyer, Maria A.</subfield>
    <subfield code="d">1922-2019</subfield>
    <subfield code="A">GND</subfield>
    <subfield code="B">GND-120534983</subfield>
    <subfield code="C">400</subfield>
  </datafield>
  <datafield tag="GSI" ind1="7" ind2=" ">
    <subfield code="a">120534983</subfield>
    <subfield code="0">http://d-nb.info/gnd/120534983</subfield>
    <subfield code="2">gnd</subfield>
    <subfield code="A">GND</subfield>
    <subfield code="B">GND-120534983</subfield>
    <subfield code="C">024</subfield>
  </datafield>
  <datafield tag="GPN" ind1="1" ind2=" ">
    <subfield code="a">Della Croce, Giovanni</subfield>
    <subfield code="d">1542-1591</subfield>
    <subfield code="A">GND</subfield>
    <subfield code="B">GND-118640038</subfield>
    <subfield code="C">400</subfield>
  </datafield>
  <datafield tag="GPN" ind1="1" ind2=" ">
    <subfield code="a">Cruce, Joannis &lt;&lt;a&gt;&gt;</subfield>
    <subfield code="d">1542-1591</subfield>
    <subfield code="A">GND</subfield>
    <subfield code="B">GND-118640038</subfield>
    <subfield code="C">400</subfield>
  </datafield>
  <datafield tag="GPN" ind1="1" ind2=" ">
    <subfield code="a">Yepes Alvarez, Juan &lt;&lt;de&gt;&gt;</subfield>
    <subfield code="d">1542-1591</subfield>
    <subfield code="4">nawi</subfield>
    <subfield code="4">https://d-nb.info/standards/elementset/gnd#realIdentity</subfield>
    <subfield code="w">r</subfield>
    <subfield code="i">Wirklicher Name</subfield>
    <subfield code="e">Wirklicher Name</subfield>
    <subfield code="A">GND</subfield>
    <subfield code="B">GND-118640038</subfield>
    <subfield code="C">400</subfield>
  </datafield>
  <datafield tag="GPN" ind1="0" ind2=" ">
    <subfield code="a">Johannes</subfield>
    <subfield code="c">vom Kreuz</subfield>
    <subfield code="d">1542-1591</subfield>
    <subfield code="9">v:B 1986, LThK</subfield>
    <subfield code="A">GND</subfield>
    <subfield code="B">GND-118640038</subfield>
    <subfield code="C">400</subfield>
  </datafield>
  <datafield tag="GPN" ind1="1" ind2=" ">
    <subfield code="a">La Cruz, Juan &lt;&lt;de&gt;&gt;</subfield>
    <subfield code="d">1542-1591</subfield>
    <subfield code="9">v:4ELRAKm</subfield>
    <subfield code="A">GND</subfield>
    <subfield code="B">GND-118640038</subfield>
    <subfield code="C">400</subfield>
  </datafield>
  <datafield tag="GPN" ind1="0" ind2=" ">
    <subfield code="a">Johannes</subfield>
    <subfield code="c">a Cruce</subfield>
    <subfield code="d">1542-1591</subfield>
    <subfield code="A">GND</subfield>
    <subfield code="B">GND-118640038</subfield>
    <subfield code="C">400</subfield>
  </datafield>
  <datafield tag="GPN" ind1="1" ind2=" ">
    <subfield code="a">Cruz, Ioannes</subfield>
    <subfield code="d">1542-1591</subfield>
    <subfield code="A">GND</subfield>
    <subfield code="B">GND-118640038</subfield>
    <subfield code="C">400</subfield>
  </datafield>
  <datafield tag="GPN" ind1="1" ind2=" ">
    <subfield code="a">Cruce, Johannes &lt;&lt;a&gt;&gt;</subfield>
    <subfield code="d">1542-1591</subfield>
    <subfield code="A">GND</subfield>
    <subfield code="B">GND-118640038</subfield>
    <subfield code="C">400</subfield>
  </datafield>
  <datafield tag="GPN" ind1="1" ind2=" ">
    <subfield code="a">Cruce, Ioannis &lt;&lt;a&gt;&gt;</subfield>
    <subfield code="d">1542-1591</subfield>
    <subfield code="A">GND</subfield>
    <subfield code="B">GND-118640038</subfield>
    <subfield code="C">400</subfield>
  </datafield>
  <datafield tag="GPN" ind1="1" ind2=" ">
    <subfield code="a">LaCruz, Juan &lt;&lt;de&gt;&gt;</subfield>
    <subfield code="d">1542-1591</subfield>
    <subfield code="9">v:RAK alt</subfield>
    <subfield code="A">GND</subfield>
    <subfield code="B">GND-118640038</subfield>
    <subfield code="C">400</subfield>
  </datafield>
  <datafield tag="GPN" ind1="0" ind2=" ">
    <subfield code="a">Sankt Johannes vom Kreuz</subfield>
    <subfield code="d">1542-1591</subfield>
    <subfield code="A">GND</subfield>
    <subfield code="B">GND-118640038</subfield>
    <subfield code="C">400</subfield>
  </datafield>
  <datafield tag="GPN" ind1="0" ind2=" ">
    <subfield code="a">Jean de la Croix</subfield>
    <subfield code="d">1542-1591</subfield>
    <subfield code="A">GND</subfield>
    <subfield code="B">GND-118640038</subfield>
    <subfield code="C">400</subfield>
  </datafield>
  <datafield tag="GPN" ind1="0" ind2=" ">
    <subfield code="a">Saint John</subfield>
    <subfield code="c">of the Cross</subfield>
    <subfield code="d">1542-1591</subfield>
    <subfield code="A">GND</subfield>
    <subfield code="B">GND-118640038</subfield>
    <subfield code="C">400</subfield>
  </datafield>
  <datafield tag="GPN" ind1="0" ind2=" ">
    <subfield code="a">Saint Jean de la Croix</subfield>
    <subfield code="d">1542-1591</subfield>
    <subfield code="A">GND</subfield>
    <subfield code="B">GND-118640038</subfield>
    <subfield code="C">400</subfield>
  </datafield>
  <datafield tag="GPN" ind1="0" ind2=" ">
    <subfield code="a">Joannes</subfield>
    <subfield code="c">vom Cre&#252;tz</subfield>
    <subfield code="d">1542-1591</subfield>
    <subfield code="A">GND</subfield>
    <subfield code="B">GND-118640038</subfield>
    <subfield code="C">400</subfield>
  </datafield>
  <datafield tag="GPN" ind1="0" ind2=" ">
    <subfield code="a">Joannes</subfield>
    <subfield code="c">vom Creutz</subfield>
    <subfield code="d">1542-1591</subfield>
    <subfield code="A">GND</subfield>
    <subfield code="B">GND-118640038</subfield>
    <subfield code="C">400</subfield>
  </datafield>
  <datafield tag="GPN" ind1="1" ind2=" ">
    <subfield code="a">Alvarez, Juan de Yepes &lt;&lt;y&gt;&gt;</subfield>
    <subfield code="d">1542-1591</subfield>
    <subfield code="A">GND</subfield>
    <subfield code="B">GND-118640038</subfield>
    <subfield code="C">400</subfield>
  </datafield>
  <datafield tag="GPN" ind1="1" ind2=" ">
    <subfield code="a">DeLaCruz, San Juan</subfield>
    <subfield code="d">1542-1591</subfield>
    <subfield code="A">GND</subfield>
    <subfield code="B">GND-118640038</subfield>
    <subfield code="C">400</subfield>
  </datafield>
  <datafield tag="GPN" ind1="0" ind2=" ">
    <subfield code="a">Joannis</subfield>
    <subfield code="c">a Cruce</subfield>
    <subfield code="d">1542-1591</subfield>
    <subfield code="A">GND</subfield>
    <subfield code="B">GND-118640038</subfield>
    <subfield code="C">400</subfield>
  </datafield>
  <datafield tag="GPN" ind1="0" ind2=" ">
    <subfield code="a">Joannes</subfield>
    <subfield code="c">a Cruce</subfield>
    <subfield code="d">1542-1591</subfield>
    <subfield code="A">GND</subfield>
    <subfield code="B">GND-118640038</subfield>
    <subfield code="C">400</subfield>
  </datafield>
  <datafield tag="GPN" ind1="1" ind2=" ">
    <subfield code="a">Yepes y Alvarez, Juan &lt;&lt;de&gt;&gt;</subfield>
    <subfield code="d">1542-1591</subfield>
    <subfield code="A">GND</subfield>
    <subfield code="B">GND-118640038</subfield>
    <subfield code="C">400</subfield>
  </datafield>
  <datafield tag="GPN" ind1="1" ind2=" ">
    <subfield code="a">Cruz, Juan &lt;&lt;de la&gt;&gt;</subfield>
    <subfield code="d">1542-1591</subfield>
    <subfield code="A">GND</subfield>
    <subfield code="B">GND-118640038</subfield>
    <subfield code="C">400</subfield>
  </datafield>
  <datafield tag="GPN" ind1="0" ind2=" ">
    <subfield code="a">John</subfield>
    <subfield code="c">of the Cross</subfield>
    <subfield code="d">1542-1591</subfield>
    <subfield code="A">GND</subfield>
    <subfield code="B">GND-118640038</subfield>
    <subfield code="C">400</subfield>
  </datafield>
  <datafield tag="GPN" ind1="0" ind2=" ">
    <subfield code="a">Jean</subfield>
    <subfield code="c">de la Croix</subfield>
    <subfield code="d">1542-1591</subfield>
    <subfield code="A">GND</subfield>
    <subfield code="B">GND-118640038</subfield>
    <subfield code="C">400</subfield>
  </datafield>
  <datafield tag="GPN" ind1="0" ind2=" ">
    <subfield code="a">Ioannis</subfield>
    <subfield code="c">a Cruce</subfield>
    <subfield code="d">1542-1591</subfield>
    <subfield code="A">GND</subfield>
    <subfield code="B">GND-118640038</subfield>
    <subfield code="C">400</subfield>
  </datafield>
  <datafield tag="GPN" ind1="0" ind2=" ">
    <subfield code="a">Giovanni</subfield>
    <subfield code="c">della Croce</subfield>
    <subfield code="d">1542-1591</subfield>
    <subfield code="A">GND</subfield>
    <subfield code="B">GND-118640038</subfield>
    <subfield code="C">400</subfield>
  </datafield>
  <datafield tag="GPN" ind1="0" ind2=" ">
    <subfield code="a">San Juan</subfield>
    <subfield code="c">de la Cruz</subfield>
    <subfield code="d">1542-1591</subfield>
    <subfield code="A">GND</subfield>
    <subfield code="B">GND-118640038</subfield>
    <subfield code="C">400</subfield>
  </datafield>
  <datafield tag="GPN" ind1="1" ind2=" ">
    <subfield code="a">Yepes, Juan &lt;&lt;de&gt;&gt;</subfield>
    <subfield code="d">1542-1591</subfield>
    <subfield code="A">GND</subfield>
    <subfield code="B">GND-118640038</subfield>
    <subfield code="C">400</subfield>
  </datafield>
  <datafield tag="GPN" ind1="0" ind2=" ">
    <subfield code="a">Johannes</subfield>
    <subfield code="c">a cruce</subfield>
    <subfield code="d">1542-1591</subfield>
    <subfield code="A">GND</subfield>
    <subfield code="B">GND-118640038</subfield>
    <subfield code="C">400</subfield>
  </datafield>
  <datafield tag="GPN" ind1="0" ind2=" ">
    <subfield code="a">Johannes</subfield>
    <subfield code="c">de Cruce</subfield>
    <subfield code="d">1542-1591</subfield>
    <subfield code="A">GND</subfield>
    <subfield code="B">GND-118640038</subfield>
    <subfield code="C">400</subfield>
  </datafield>
  <datafield tag="GPN" ind1="1" ind2=" ">
    <subfield code="a">La Croix, Jean &lt;&lt;de&gt;&gt;</subfield>
    <subfield code="d">1542-1591</subfield>
    <subfield code="A">GND</subfield>
    <subfield code="B">GND-118640038</subfield>
    <subfield code="C">400</subfield>
  </datafield>
  <datafield tag="GPN" ind1="1" ind2=" ">
    <subfield code="a">De la Cruz, Juan</subfield>
    <subfield code="d">1542-1591</subfield>
    <subfield code="A">GND</subfield>
    <subfield code="B">GND-118640038</subfield>
    <subfield code="C">400</subfield>
  </datafield>
  <datafield tag="GPN" ind1="1" ind2=" ">
    <subfield code="a">Vom Kreuz, Johannes</subfield>
    <subfield code="d">1542-1591</subfield>
    <subfield code="A">GND</subfield>
    <subfield code="B">GND-118640038</subfield>
    <subfield code="C">400</subfield>
  </datafield>
  <datafield tag="GPN" ind1="0" ind2=" ">
    <subfield code="a">Joannes</subfield>
    <subfield code="c">van het Kruis</subfield>
    <subfield code="d">1542-1591</subfield>
    <subfield code="A">GND</subfield>
    <subfield code="B">GND-118640038</subfield>
    <subfield code="C">400</subfield>
  </datafield>
  <datafield tag="GPN" ind1="1" ind2=" ">
    <subfield code="a">Creutz, Joannis &lt;&lt;von&gt;&gt;</subfield>
    <subfield code="d">1542-1591</subfield>
    <subfield code="A">GND</subfield>
    <subfield code="B">GND-118640038</subfield>
    <subfield code="C">400</subfield>
  </datafield>
  <datafield tag="GPN" ind1="1" ind2=" ">
    <subfield code="a">Creutz, Johannes &lt;&lt;vom&gt;&gt;</subfield>
    <subfield code="d">1542-1591</subfield>
    <subfield code="A">GND</subfield>
    <subfield code="B">GND-118640038</subfield>
    <subfield code="C">400</subfield>
  </datafield>
  <datafield tag="GPN" ind1="1" ind2=" ">
    <subfield code="a">Vom Creutz, Johannes</subfield>
    <subfield code="d">1542-1591</subfield>
    <subfield code="A">GND</subfield>
    <subfield code="B">GND-118640038</subfield>
    <subfield code="C">400</subfield>
  </datafield>
  <datafield tag="GPN" ind1="0" ind2=" ">
    <subfield code="a">Ioannes</subfield>
    <subfield code="c">a Cruce</subfield>
    <subfield code="d">1542-1591</subfield>
    <subfield code="A">GND</subfield>
    <subfield code="B">GND-118640038</subfield>
    <subfield code="C">400</subfield>
  </datafield>
  <datafield tag="GPN" ind1="0" ind2=" ">
    <subfield code="a">Joannes</subfield>
    <subfield code="c">de la Cruz</subfield>
    <subfield code="d">1542-1591</subfield>
    <subfield code="A">GND</subfield>
    <subfield code="B">GND-118640038</subfield>
    <subfield code="C">400</subfield>
  </datafield>
  <datafield tag="GPN" ind1="0" ind2=" ">
    <subfield code="a">Johannes</subfield>
    <subfield code="c">vom Kreuze</subfield>
    <subfield code="d">1542-1591</subfield>
    <subfield code="A">GND</subfield>
    <subfield code="B">GND-118640038</subfield>
    <subfield code="C">400</subfield>
  </datafield>
  <datafield tag="GPN" ind1="0" ind2=" ">
    <subfield code="a">Joao</subfield>
    <subfield code="c">da Cruz</subfield>
    <subfield code="d">1542-1591</subfield>
    <subfield code="A">GND</subfield>
    <subfield code="B">GND-118640038</subfield>
    <subfield code="C">400</subfield>
  </datafield>
  <datafield tag="GPN" ind1="1" ind2=" ">
    <subfield code="a">Cruz, Ioanne</subfield>
    <subfield code="d">1542-1591</subfield>
    <subfield code="A">GND</subfield>
    <subfield code="B">GND-118640038</subfield>
    <subfield code="C">400</subfield>
  </datafield>
  <datafield tag="GPN" ind1="1" ind2=" ">
    <subfield code="a">Cruz, Joao &lt;&lt;da&gt;&gt;</subfield>
    <subfield code="d">1542-1591</subfield>
    <subfield code="A">GND</subfield>
    <subfield code="B">GND-118640038</subfield>
    <subfield code="C">400</subfield>
  </datafield>
  <datafield tag="GPN" ind1="1" ind2=" ">
    <subfield code="a">Croce, Giovanni</subfield>
    <subfield code="c">della</subfield>
    <subfield code="d">1542-1591</subfield>
    <subfield code="A">GND</subfield>
    <subfield code="B">GND-118640038</subfield>
    <subfield code="C">400</subfield>
  </datafield>
  <datafield tag="GPN" ind1="1" ind2=" ">
    <subfield code="a">Cruz, San Juan de la</subfield>
    <subfield code="d">1542-1591</subfield>
    <subfield code="A">GND</subfield>
    <subfield code="B">GND-118640038</subfield>
    <subfield code="C">400</subfield>
  </datafield>
  <datafield tag="GPN" ind1="1" ind2=" ">
    <subfield code="a">Croix, Jean &lt;&lt;de la&gt;&gt;</subfield>
    <subfield code="d">1542-1591</subfield>
    <subfield code="A">GND</subfield>
    <subfield code="B">GND-118640038</subfield>
    <subfield code="C">400</subfield>
  </datafield>
  <datafield tag="GPN" ind1="1" ind2=" ">
    <subfield code="a">Kreuz, Johannes &lt;&lt;vom&gt;&gt;</subfield>
    <subfield code="d">1542-1591</subfield>
    <subfield code="A">GND</subfield>
    <subfield code="B">GND-118640038</subfield>
    <subfield code="C">400</subfield>
  </datafield>
  <datafield tag="GPN" ind1="1" ind2=" ">
    <subfield code="a">LaCroix, Jean &lt;&lt;de&gt;&gt;</subfield>
    <subfield code="d">1542-1591</subfield>
    <subfield code="A">GND</subfield>
    <subfield code="B">GND-118640038</subfield>
    <subfield code="C">400</subfield>
  </datafield>
  <datafield tag="GPN" ind1="1" ind2=" ">
    <subfield code="a">DellaCroce, Giovanni</subfield>
    <subfield code="d">1542-1591</subfield>
    <subfield code="A">GND</subfield>
    <subfield code="B">GND-118640038</subfield>
    <subfield code="C">400</subfield>
  </datafield>
  <datafield tag="GPN" ind1="0" ind2=" ">
    <subfield code="a">St. John of the Cross</subfield>
    <subfield code="d">1542-1591</subfield>
    <subfield code="A">GND</subfield>
    <subfield code="B">GND-118640038</subfield>
    <subfield code="C">400</subfield>
  </datafield>
  <datafield tag="GSI" ind1="7" ind2=" ">
    <subfield code="a">118640038</subfield>
    <subfield code="0">http://d-nb.info/gnd/118640038</subfield>
    <subfield code="2">gnd</subfield>
    <subfield code="A">GND</subfield>
    <subfield code="B">GND-118640038</subfield>
    <subfield code="C">024</subfield>
  </datafield>
  <datafield tag="GPN" ind1="0" ind2=" ">
    <subfield code="a">T. Benedicta</subfield>
    <subfield code="c">vom Kreuz, Heilige</subfield>
    <subfield code="d">1891-1942</subfield>
    <subfield code="A">GND</subfield>
    <subfield code="B">GND-118617230</subfield>
    <subfield code="C">400</subfield>
  </datafield>
  <datafield tag="GPN" ind1="0" ind2=" ">
    <subfield code="a">T. Benedicta</subfield>
    <subfield code="c">a Cruce, Heilige</subfield>
    <subfield code="d">1891-1942</subfield>
    <subfield code="A">GND</subfield>
    <subfield code="B">GND-118617230</subfield>
    <subfield code="C">400</subfield>
  </datafield>
  <datafield tag="GPN" ind1="0" ind2=" ">
    <subfield code="a">Teresa Benedicta</subfield>
    <subfield code="c">of the Cross, Heilige</subfield>
    <subfield code="d">1891-1942</subfield>
    <subfield code="A">GND</subfield>
    <subfield code="B">GND-118617230</subfield>
    <subfield code="C">400</subfield>
  </datafield>
  <datafield tag="GPN" ind1="0" ind2=" ">
    <subfield code="a">Teresa Benedicta</subfield>
    <subfield code="c">de la Cruz, Heilige</subfield>
    <subfield code="d">1891-1942</subfield>
    <subfield code="A">GND</subfield>
    <subfield code="B">GND-118617230</subfield>
    <subfield code="C">400</subfield>
  </datafield>
  <datafield tag="GPN" ind1="0" ind2=" ">
    <subfield code="a">Teresa Benedykta</subfield>
    <subfield code="c">od Krzy&#380;a, Heilie</subfield>
    <subfield code="d">1891-1942</subfield>
    <subfield code="A">GND</subfield>
    <subfield code="B">GND-118617230</subfield>
    <subfield code="C">400</subfield>
  </datafield>
  <datafield tag="GPN" ind1="1" ind2=" ">
    <subfield code="a">Cruz, Beata Teresa Benedicta &lt;&lt;de la&gt;&gt;</subfield>
    <subfield code="c">Heilige</subfield>
    <subfield code="d">1891-1942</subfield>
    <subfield code="A">GND</subfield>
    <subfield code="B">GND-118617230</subfield>
    <subfield code="C">400</subfield>
  </datafield>
  <datafield tag="GPN" ind1="1" ind2=" ">
    <subfield code="a">Stein, Edyta</subfield>
    <subfield code="c">Heilige</subfield>
    <subfield code="d">1891-1942</subfield>
    <subfield code="A">GND</subfield>
    <subfield code="B">GND-118617230</subfield>
    <subfield code="C">400</subfield>
  </datafield>
  <datafield tag="GPN" ind1="1" ind2=" ">
    <subfield code="a">&#352;tejn, &#278;dit</subfield>
    <subfield code="c">Heilige</subfield>
    <subfield code="d">1891-1942</subfield>
    <subfield code="A">GND</subfield>
    <subfield code="B">GND-118617230</subfield>
    <subfield code="C">400</subfield>
  </datafield>
  <datafield tag="GPN" ind1="1" ind2=" ">
    <subfield code="a">&#352;tejn, Edit</subfield>
    <subfield code="c">Heilige</subfield>
    <subfield code="d">1891-1942</subfield>
    <subfield code="A">GND</subfield>
    <subfield code="B">GND-118617230</subfield>
    <subfield code="C">400</subfield>
  </datafield>
  <datafield tag="GPN" ind1="1" ind2=" ">
    <subfield code="a">Steinov&#225;, Edita</subfield>
    <subfield code="c">Heilige</subfield>
    <subfield code="d">1891-1942</subfield>
    <subfield code="A">GND</subfield>
    <subfield code="B">GND-118617230</subfield>
    <subfield code="C">400</subfield>
  </datafield>
  <datafield tag="GPN" ind1="1" ind2=" ">
    <subfield code="a">Shutain, &#274;dito</subfield>
    <subfield code="c">Heilige</subfield>
    <subfield code="d">1891-1942</subfield>
    <subfield code="A">GND</subfield>
    <subfield code="B">GND-118617230</subfield>
    <subfield code="C">400</subfield>
  </datafield>
  <datafield tag="GPN" ind1="0" ind2=" ">
    <subfield code="a">Teresia Benedicta a Cruce</subfield>
    <subfield code="c">Schwester, Heilige</subfield>
    <subfield code="d">1891-1942</subfield>
    <subfield code="A">GND</subfield>
    <subfield code="B">GND-118617230</subfield>
    <subfield code="C">400</subfield>
  </datafield>
  <datafield tag="GPN" ind1="0" ind2=" ">
    <subfield code="a">Teresa Benedicta a Cruce OCD</subfield>
    <subfield code="c">Heilige</subfield>
    <subfield code="d">1891-1942</subfield>
    <subfield code="A">GND</subfield>
    <subfield code="B">GND-118617230</subfield>
    <subfield code="C">400</subfield>
  </datafield>
  <datafield tag="GPN" ind1="0" ind2=" ">
    <subfield code="a">Teresia Benedicta</subfield>
    <subfield code="c">vom Kreuz, Heilige</subfield>
    <subfield code="d">1891-1942</subfield>
    <subfield code="A">GND</subfield>
    <subfield code="B">GND-118617230</subfield>
    <subfield code="C">400</subfield>
  </datafield>
  <datafield tag="GPN" ind1="0" ind2=" ">
    <subfield code="a">Teresia Benedicta</subfield>
    <subfield code="c">a Cruce, Heilige</subfield>
    <subfield code="d">1891-1942</subfield>
    <subfield code="A">GND</subfield>
    <subfield code="B">GND-118617230</subfield>
    <subfield code="C">400</subfield>
  </datafield>
  <datafield tag="GPN" ind1="0" ind2=" ">
    <subfield code="a">Theresia Benedicta</subfield>
    <subfield code="c">a Cruce, Heilige</subfield>
    <subfield code="d">1891-1942</subfield>
    <subfield code="A">GND</subfield>
    <subfield code="B">GND-118617230</subfield>
    <subfield code="C">400</subfield>
  </datafield>
  <datafield tag="GPN" ind1="1" ind2=" ">
    <subfield code="a">Cruce, Teresia Benedicta &lt;&lt;a&gt;&gt;</subfield>
    <subfield code="c">Heilige</subfield>
    <subfield code="d">1891-1942</subfield>
    <subfield code="A">GND</subfield>
    <subfield code="B">GND-118617230</subfield>
    <subfield code="C">400</subfield>
  </datafield>
  <datafield tag="GPN" ind1="1" ind2=" ">
    <subfield code="a">Stein, Edith</subfield>
    <subfield code="d">1891-1942</subfield>
    <subfield code="A">GND</subfield>
    <subfield code="B">GND-118617230</subfield>
    <subfield code="C">400</subfield>
  </datafield>
  <datafield tag="GPN" ind1="0" ind2=" ">
    <subfield code="a">E di teu Syu ta in</subfield>
    <subfield code="d">1891-1942</subfield>
    <subfield code="A">GND</subfield>
    <subfield code="B">GND-118617230</subfield>
    <subfield code="C">400</subfield>
  </datafield>
  <datafield tag="GPN" ind1="0" ind2=" ">
    <subfield code="a">Editeu-Syutain</subfield>
    <subfield code="d">1891-1942</subfield>
    <subfield code="A">GND</subfield>
    <subfield code="B">GND-118617230</subfield>
    <subfield code="C">400</subfield>
  </datafield>
  <datafield tag="GPN" ind1="1" ind2=" ">
    <subfield code="a">Syutain, Editeu</subfield>
    <subfield code="d">1891-1942</subfield>
    <subfield code="A">GND</subfield>
    <subfield code="B">GND-118617230</subfield>
    <subfield code="C">400</subfield>
  </datafield>
  <datafield tag="GPN" ind1="1" ind2=" ">
    <subfield code="a">Syut&apos;ain, Edit&apos;&#365;</subfield>
    <subfield code="d">1891-1942</subfield>
    <subfield code="A">GND</subfield>
    <subfield code="B">GND-118617230</subfield>
    <subfield code="C">400</subfield>
  </datafield>
  <datafield tag="GSI" ind1="7" ind2=" ">
    <subfield code="a">118617230</subfield>
    <subfield code="0">http://d-nb.info/gnd/118617230</subfield>
    <subfield code="2">gnd</subfield>
    <subfield code="A">GND</subfield>
    <subfield code="B">GND-118617230</subfield>
    <subfield code="C">024</subfield>
  </datafield>
</record>